@article{landauer61,
  title={Irreversibility and heat generation in the computing process},
  author={Landauer, Rolf},
  journal={IBM journal of research and development},
  volume={5},
  number={3},
  pages={183--191},
  year={1961},
  publisher={IBM}
}

@article{peb16,
  title={Pebbling Meets Coloring: Reversible Pebble Game On Trees},
  author={Komarath, Balagopal and Sarma, Jayalal and Sawlani, Saurabh},
  journal={arXiv preprint arXiv:1604.05510},
  year={2016}
}

@Book{NC:2000,
  Address = {Cambridge, UK},
  Author = {Nielsen, M.~A. and Chuang, I.~L.},
  Publisher = {Cambridge University Press},
  Title = { Quantum Computation and Quantum Information},
  Year = 2000}

@InProceedings{GLR+:2013a,
  author = 	 {Green, A.~S. and {LeFanu Lumsdaine}, P. and Ross, N.~J. and Selinger, P. and Valiron, B.},
  title = 	 "{An introduction to quantum programming in Quipper}",
  booktitle = {Proc. Reversible Computation (RC'13)},
  year = 	 2013,
  publisher = {ACM}}

@InProceedings{GLR+:2013b,
  author = 	 {Green, A.~S. and {LeFanu Lumsdaine}, P. and Ross, N.~J. and Selinger, P. and Valiron, B.},
  title = 	 "{Quipper: a scalable quantum programming language}",
  booktitle = {Proc. Conference on Programming Language Design and Implementation (PLDI'13)},
  year = 	 2013,
  publisher = {ACM}}

@InProceedings{LST+:2013,
  author =    {Lapets, A. and {da Silva}, M. and Thome, M. and Adler, A. and Beal, J. and Roetteler, M.},
  title =     "{QuaFL: A typed DSL for quantum programming}",
  booktitle = "{Proceedings of Workshop on Functional Programming Concepts
                in Domain-Specific Languages (FPCDSL'13)}",
  year = 	2013,
  publisher = {ACM Press},
  pages     = {19--26}}

@InProceedings{LR:2013,
  author =    {Lapets, A. and Roetteler, M.},
  title =     "{Abstract resource cost derivations for logical quantum
               circuit descriptions}",
  booktitle = "{Proceedings of Workshop on Functional Programming Concepts
                in Domain-Specific Languages (FPCDSL'13)}",
  year = 	2013,
  publisher = {ACM Press},
  pages     = {35--42}}

@InCollection{AG:2009,
  author =    {Altenkirch, Th. and Green, A.~S.},
  title =     "{The quantum IO monad}",
  booktitle = "{Semantic Techniques in Quantum Computation}",
  editor =    "{S. Gay and I. Mackie}",
  year = 	2009,
  publisher = {Cambridge University Press},
  pages     = {173--205}}

@InCollection{SV:2009,
  author =    {Selinger, P. and Valiron, B.},
  title =     "{Quantum lambda calculus}",
  booktitle = "{Semantic Techniques in Quantum Computation}",
  editor =    "{S. Gay and I. Mackie}",
  year = 	2009,
  publisher = {Cambridge University Press},
  pages     = {135--172}}

@PhdThesis{Omer:2000,
  author = 	 {{\"O}mer, B.},
  title = 	 "{Quantum programming in QCL}",
  school = 	 {Technical University of Vienna},
  year = 	 2000,
  type = 	 {Master's thesis}}

@Unpublished{SW:2014,
  author = 	 {Wecker, D. and Svore, K.},
  title = 	 "{LIQ{\em ui}$|\rangle$: a software design architecture and domain-specific language for quantum computing}",
  note = 	 {arXiv.org preprint arXiv:1402.4467}}

@Unpublished{Knill:95,
  author = 	 {Knill, E.},
  title = 	 "{An analysis of Bennett's pebble game}",
  note = 	 {arXiv.org preprint quant-ph/9508218}}

@Book{Perumalla:2014,
  author = 	 {Perumalla, K.~S.},
  title = 	 {Introduction to Reversible Computing},
  publisher = 	 {CRC Press},
  year = 	 2014}

@InProceedings{YG:2007,
  author = 	 {Yokoyama, T. and Gl{\"u}ck, R.},
  title = 	 {A reversible programming language and its invertible self-interpreter},
  booktitle = {Proc. Workshop on Partial Evaluation and Semantics-based Program Manipulation (PEPM'07)},
  year = 	 2007,
  pages = 	 {144--153},
  publisher = {ACM}}

@article{LD:1982,
  title={Janus: a time-reversible language},
  author={Lutz, Christopher and Derby, Howard},
  journal={Caltech class project},
  year={1982}
}

@InProceedings{Thomsen:2012,
  author = 	 {Thomsen, M.~K.},
  title = 	 {A functional language for describing reversible logic},
  booktitle = {Proc. Forum on Specification and Design Languages (FDL'12)},
  year = 	 2012,
  pages = 	 {135--142},
  publisher = {IEEE}}


@Article{SM:2013,
  author = 	 {Saeedi, M. and Markov, I.~L.},
  title = 	 {Synthesis and optimization of reversible circuits - a survey},
  journal = 	 {ACM Comput. Surv.},
  year = 	 2013,
  volume = 	 45,
  number = 	 2,
  pages = 	 21}

@Article{GM:2012,
  author = 	 {Golubitsky, O. and Maslov, D.},
  title = 	 "{A study of optimal 4-bit reversible Toffoli circuits and their synthesis}",
  journal = 	 {IEEE Trans. Computers},
  year = 	 2012,
  volume = 	 61,
  number = 	 9,
  pages = 	 {1341--1353}}

@Article{MS:2011,
  author = 	 {Maslov, D. and Saeedi, M.},
  title = 	 "{Reversible circuit optimization via leaving the Boolean domain}",
  journal = 	 {IEEE Trans. on CAD of Integrated Circuits and Systems},
  year = 	 2011,
  volume = 	 30,
  number = 	 6,
  pages = 	 {806--816}}

@Article{MSM:2007,
  author = 	 {Maslov, D. and Dueck, G.~W. and Miller, D.~M.},
  title = 	 "{Techniques for the synthesis of reversible Toffoli networks}",
  journal = 	 {ACM Trans. Design Autom. Electr. Syst.},
  year = 	 2007,
  volume = 	 12,
  number = 	 4}

@Article{MDM:2005,
  author = 	 {Maslov, D. and Dueck, G.~W. and Miller, D.~M.},
  title = 	 {Toffoli network synthesis with templates},
  journal = 	 {IEEE Trans. on CAD of Integrated Circuits and Systems},
  year = 	 2005,
  volume = 	 24,
  number = 	 6,
  pages = 	 {807--817}}

@Book{WD:2010,
  author = 	 {Wille, R. and Drechsler, R.},
  title = 	 {Towards a Design Flow for Reversible Logic.},
  publisher = 	 {Springer},
  year = 	 2010}

@Unpublished{JFJ+:2012,
  author = 	 {{Javadi Abhari}, A. and Faruque, A. and {Javad Dousti}, M. and Svec, L. and Catu, O. and Chakrabati, A. and Chiang, Ch.-F. and Vanderwilt, S. and Black, J. and Chong, F.~T. and Martonosi, M. and Suchara, M. and Brown, K. and Pedram, M. and Brun, T.},
  title = 	 "{Scaffold: quantum programming language}",
  note = 	 "{Princeton University Technical Report}",
  year =         2012}

@InProceedings{HPJ+2015,
  author = 	 {Heckey, J. and Patil, S. and {Javadi Abhari}, A. and Holmes, A. and Kudrow, D. and Brown, K.~R. and Franklin, D. and Chong, F.~T. and Martonosi, M.},
  title = 	 {Compiler Management of Communication and Parallelism for Quantum Computation},
  booktitle = {Proceedings of the Twentieth International Conference on Architectural Support for Programming Languages and Operating Systems (ASPLOS'15)},
  year = 	 2015,
  pages = 	 {445--456},
  publisher = {ACM}}

@InProceedings{SSP:2013,
  author = 	 {Shafaei, A. and Saeedi, M. and Pedram, M.},
  title = 	 {Reversible logic synthesis of $k$-input, $m$-output lookup tables},
  booktitle = {In: Proceedings of the Conference on Design, Automation and Test in Europe (DATE'13)},
  year = 	 2013,
  pages = 	 {1235--1240}}

@Article{LJ:2014,
  author = 	 {Lin, C.-C. and Jha, N.~K.},
  title = 	 "{RMDDS: Reed-Muller decision diagram synthesis of reversible logic circuits}",
  journal = 	 {ACM Journal on Emerging Technologies in Computing Systems},
  year = 	 2014,
  volume = 	 10,
  number = 	 2,
  pages = 	 14}

@Article{Markov:2014,
  author = 	 {Markov, I.~L.},
  title = 	 {Limits on fundamental limits to computation},
  journal = 	 {Nature},
  year = 	 2014,
  volume = 	 512,
  pages = 	 {147--154}}

@Article{Bennett:73,
  author =       {Bennett, C.~H.},
  title =        {Logical reversibility of computation},
  journal =      {IBM Journal of Research and Development},
  year =         1973,
  volume =       17,
  pages =        {525--532}}

@Article{Bennett:89,
  author =       {Bennett, C.~H.},
  title =        {Time/Space trade-offs for reversible computation},
  journal =      {SIAM Journal on Computing},
  year =         1989,
  volume =       18,
  pages =        {766--776}}

@inproceedings{mishchenko2008boolean,
  title={Boolean factoring and decomposition of logic networks},
  author={Mishchenko, A. and Brayton, R. and Chatterjee, S.},
  booktitle={Proceedings of the 2008 IEEE/ACM International Conference on Computer-Aided Design},
  pages={38--44},
  year={2008},
  organization={IEEE Press}}

@inproceedings{golumbic1999factoring,
  title={Factoring logic functions using graph partitioning},
  author={Golumbic, M.~C and Mintz, A.},
  booktitle={Proceedings of the 1999 IEEE/ACM international conference on Computer-aided design},
  pages={195--199},
  year={1999},
  organization={IEEE Press}}

@Article{BCD+:96,
  author = 	 {Beckman, D. and Chari, A.~N. and Devabhaktuni, S. and Preskill, J.},
  title = 	 {Efficient Networks for Quantum Factoring},
  journal = 	 {Phys. Rev. A},
  year = 	 1996,
  volume = 	 54,
  pages = 	 {1034--1063}}

@Article{Shor:97,
 author =       {Shor, P.~W.},
 title =        "Polynomial-time algorithms for prime factorization and discrete logarithms on a quantum computer",
 journal =      {SIAM Journal on Computing},
 year =         1997,
 volume =       26,
 number =       5,
 pages =        {1484--1509}}

@Article{CDKM:2004,
  author = 	 {Cuccaro, S.~A. and Draper, Th.~G and Kutin, S.~A. and Moulton, D.~P.},
  title = 	 {A new quantum ripple-carry addition circuit},
  note = 	 {arXiv preprint quant-ph/0410184},
  year =         2004}

@article{DKR+06,
  title={A logarithmic-depth quantum carry-lookahead adder},
  author={Draper, Th.~G and Kutin, S.~A and Rains, E.~M and Svore, K.~M},
  journal={Quantum Information \& Computation},
  volume={6},
  number={4},
  pages={351--369},
  year={2006},
  publisher={Rinton Press, Incorporated}}

@Article{MMD:2007,
  author = 	 {Maslov, D. and Miller, D.~M. and Dueck, G.~W.},
  title = 	 "{Techniques for the synthesis of reversible Toffoli networks}",
  journal = 	 {ACM Transactions on Design Automation of Electronic Systems},
  year = 	 2007,
  volume = 	 12,
  number = 	 4,
  pages = 	 42}

@inproceedings{MMD:2003,
  author    = {Miller, D.~M. and Maslov, D. and Dueck, G.~W.},
  title     = {A transformation based algorithm for reversible logic synthesis},
  booktitle = {Proceedings of the 40th Design Automation Conference (DAC'03)},
  year      = 2003,
  pages     = {318-323}}

@Book{MOV:97,
  author = 	 {Menezes, A.~J. and van Oorschot, P.~C. and Vanstone, S.~A.},
  title = 	 {Handbook of Applied Cryptography},
  publisher = 	 {CRC Press},
  year = 	 1997,
  note = 	 {See also the Wikipedia entry http://en.wikipedia.org/wiki/MD5}}

@Misc{SHA,
  title = 	 {Federal Information Processing Standards Publication 180-2},
  publisher = 	 {NIST},
  year = 	 2002,
  note = 	 {See also the Wikipedia entry http://en.wikipedia.org/wiki/SHA-2}}

@Book{HP:90,
  author = 	 {Hennessey, J.~L. and Patterson, D.~A.},
  title = 	 {Computer architecture: a quantitative approach},
  publisher = 	 {Morgan Kauffmann},
  year = 	 1990}

@Book{ALS+:2007,
  author = 	 {Aho, A.~V. and Lam, M.~S. and Sethi, R. and Ullman, J.~D.},
  title = 	 {Compilers: Principles, Techniques, and Tools},
  publisher = 	 {Addison Wesley},
  year = 	 2007}

@Book{Muchnick:97,
  author = 	 {Muchnick, S.~S.},
  title = 	 {Compiler design and implementation},
  publisher = 	 {Morgan Kaufmann},
  year = 	 1997}

@Book{SGC:2012,
  author = 	 {Syme, D. and Granicz, A. and Cisternino, A.},
  title = 	 "{Expert F$\#$ 3.0}",
  publisher = 	 {Apress Publishing},
  year = 	 2012}

@inproceedings{KO:1963,
  title={Multiplication of Multidigit Numbers on Automata},
  author={Karatsuba, A. and Ofman, Y.},
  booktitle={Soviet physics doklady},
  volume={7},
  pages={595},
  year={1963}
}

@article{V:1959,
  title={The CORDIC trigonometric computing technique},
  author={Volder, Jack E},
  journal={Electronic Computers, IRE Transactions on},
  number={3},
  pages={330--334},
  year={1959},
  publisher={IEEE}
}

@article{PF:2006,
  title={Reversible Karatsuba’s algorithm},
  author={Portugal, R and Figueiredo, CMH},
  journal={Journal of Universal Computer Science},
  volume={12},
  number={5},
  pages={499--511},
  year={2006}
}

@article{revs15,
    title={Reversible circuit compilation with space constraints},
    author={Parent, Alex and Roetteler, Martin and Svore, Krysta M},
    journal={arXiv preprint arXiv:1510.00377},
    year={2015}
}

@article{draper04,
    title={A logarithmic-depth quantum carry-lookahead adder},
      author={Draper, Thomas G and Kutin, Samuel A and Rains, Eric M and Svore,
        Krysta M},
        journal={arXiv preprint quant-ph/0406142},
          year={2004}
}

@article{bennett03,
    title={Notes on Landauer's principle, reversible computation, and Maxwell's Demon},
    author={Bennett, Charles H},
    journal={Studies In History and Philosophy of Science Part B: Studies In History and Philosophy of Modern Physics},
    volume={34},
    number={3},
    pages={501--510},
    year={2003},
    publisher={Elsevier}
}

@phdthesis{chan13,
    title={Pebble games and complexity},
    author={Chan, Siu Man},
    year={2013},
    school={University of California, Berkeley}
}

@article{selinger2013,
    title={Quantum circuits of T-depth one},
    author={Selinger, Peter},
    journal={Physical Review A},
    volume={87},
    number={4},
    pages={042302},
    year={2013},
    publisher={APS}
}

@article{fowler2012,
    title={Surface codes: Towards practical large-scale quantum computation},
    author={Fowler, Austin G and Mariantoni, Matteo and Martinis, John M and Cleland, Andrew N},
    journal={Physical Review A},
    volume={86},
    number={3},
    pages={032324},
    year={2012},
    publisher={APS}
}

@inproceedings{gbm2016,
    title={Applying Grovers algorithm to AES: quantum resource estimates},
    author={Grassl, Markus and Langenberg, Brandon and Roetteler, Martin and Steinwandt, Rainer},
    booktitle={International Workshop on Post-Quantum Cryptography},
    pages={29--43},
    year={2016},
    organization={Springer}
}

@article{sha2016,
    title={Estimating the cost of generic quantum pre-image attacks on SHA-2 and SHA-3},
    author={Amy, Matthew and Di Matteo, Olivia and Gheorghiu, Vlad and Mosca, Michele and Parent, Alex and Schanck, John},
    journal={arXiv preprint arXiv:1603.09383},
    year={2016}
}

@article{lecerf63,
    title={Logique mathematique-machines de turing reversibles-recursive insolubilite en $n \in N$ de lequation 
           $u= \theta^n u$, ou $theta$ est un ``isomorphisme de codes''},
    author={Lecerf, Yves},
    journal={Comptes Rendus Hebdomadaires des Seances de L`academie des Sciences},
    volume={257},
    number={18},
    pages={2597},
    year={1963},
}
@article{parent15,
    title={Reversible circuit compilation with space constraints},
    author={Parent, Alex and Roetteler, Martin and Svore, Krysta M},
    journal={arXiv preprint arXiv:1510.00377},
    year={2015}
}

@article{hopcroft1977,
  title={On time versus space},
  author={Hopcroft, John and Paul, Wolfgang and Valiant, Leslie},
  journal={Journal of the ACM (JACM)},
  volume={24},
  number={2},
  pages={332--337},
  year={1977},
  publisher={ACM}
}

@Article{Kepley2015,
author="Kepley, Shane
and Steinwandt, Rainer",
title="Quantum circuits for $\mathbb{F}_{2^n}$-multiplication with subquadratic gate count",
journal="Quantum Information Processing",
year="2015",
volume="14",
number="7",
pages="2373--2386",
issn="1573-1332",
doi="10.1007/s11128-015-0993-1",
url="http://dx.doi.org/10.1007/s11128-015-0993-1"
}

@inproceedings{offermann2010,
  title={Synthesizing multiplier in reversible logic},
  author={Offermann, Sebastian and Wille, Robert and Dueck, Gerhard W and Drechsler, Rolf},
  booktitle={Design and Diagnostics of Electronic Circuits and Systems (DDECS), 2010 IEEE 13th International Symposium on},
  pages={335--340},
  year={2010},
  organization={IEEE}
}

@article{amy2013,
  title={A meet-in-the-middle algorithm for fast synthesis of depth-optimal quantum circuits},
  author={Amy, Matthew and Maslov, Dmitri and Mosca, Michele and Roetteler, Martin},
  journal={IEEE Transactions on Computer-Aided Design of Integrated Circuits and Systems},
  volume={32},
  number={6},
  pages={818--830},
  year={2013},
  publisher={IEEE}
}
@misc{tomAdder,
  author = "Draper, Thomas G.",
  howpublished = "personal communication"
}
